@misc{nasagan,
  author   = "NASA",
  title    = {{Galileo Orbiter at Jupiter Calibrated Mag High Res V1.0 (PDS)}},
  howpublished  = {\url{"https://nssdc.gsfc.nasa.gov/nmc/dataset/display.action?id=PSFP-00283"}},
}

@book{flybylines,
  title     = {Introduction to Space Physics},
  author    = "Kivelson, Margaret and Russell, Christopher",
  year      = 1955,
  publisher = "Cambridge University Press",
  address   = "Cambridge"
}