@article{craft,
  title={{Magnetic field conditions upstream of Ganymede.}},
  author={Vogt, M. F. and Bagenal, F. and Bolton, S. J.},
  journal={Journal of Geophysical Research: Space Physics},
  year={2022},
  volume={127},
  number={12}
}

@misc{amda,
    author    = "CDPP",
    title     = "{Amda}",
    howpublished    = {\url{"http://amda.cdpp.eu/"}},
}

@misc{jupsystems,
  author   = "Bagenal, F. and Wilson, R.J.",
  title    = {{Jupiter Coordinate Systems}},
  howpublished  = "Retrieved from Laboratory for Atmospheric and Space Physics (LASP)",
  year     = 2016,
  volume   = "12",
}

@misc{nasaflybys,
    author  ="NASA",
    title    = {{Galileo Orbiter at Jupiter Calibrated Mag High Res V1.0 (PDS)}},
    howpublished  = {\url{"https://nssdc.gsfc.nasa.gov/nmc/dataset/display.action?id=PSFP-00283"}},
}

@article{inversecube,
  title={{On the magnetostatic inverse cube law and magnetic monopoles.}},
  author={Michaud, Andr√©},
  journal={International Journal of Engineering Research and Development},
  year={2013},
  pages={50-66}
}

@article{magrotation,
  title={{The Permanent and Inductive Magnetic Moments of Ganymede}},
  author={Kivelson, M. G. and Khurana, K. K.  and Volwerk, M.},
  journal={Icarus},
  year={2002},
  month={June},
  volume={157},
  number={2}
}